
@Unpublished{Cole09,
  author = 	 {J. R. Cole and Q. Wang and E. Cardenas and J. Fish
                  and B. Chai and R. J. Farris and
                  A. S. Kulam-Syed-Mohideen and D. M. McGarrell and
                  T. Marsh and G. M. Garrity and J. M. Tiedje},
  title = 	 {The {R}ibosomal {D}atabase {P}roject: Improved Alignments
                  and New Tools for {rRNA} Analysis},
  journal = 	 NAR,
  year = 	 2009,
  note =	 {in press}
}

