@Article{Randau05,
  author =       {L. Randau and R. Münch and M. J. Hohn and D. Jahn and D. Söll},
  title =        {Nanoarchaeum Equitans Creates Functional {tRNAs} From Separate Genes for Their 5' and 3'-Halves},
  journal =      {Nature},
  year =         2005,
  volume =       433,
  pages =        {537--541},
  OPTfiled  =    {},
  OPTmynote =    {},
  OPTpmid =      15690044,
}
